@Article{Morde2019,
  author = 	 "Vishal Morde",
  title = 	 "XGBoost Algorithm: Long May She Reign!",
  journal =	 "Towards Data Science",
  year =	 "2019"
}

@Article{Navlani2018,
  author = 	 "Avinash Navlani",
  title = 	 "Understanding Logistic Regression in Python",
  journal =	 "DataCamp",
  year =	 "2018"
}

@Article{Samuel59,
  author = 	 "A. L. Samuel",
  title = 	 "Some Studies in Machine Learning Using the Game of
		  Checkers",
  journal =	 "IBM Journal of Research and Development",

}